% This file was created with JabRef 2.5.
% Encoding: UTF-8
% See the "IEEEtran_bst_HOWTO.pdf" manual for usage information.

% --------------  LIVROS AQUI ------------------- 
@BOOK{usabilidade_interfaces,
  title = {Usabilidade de Interfaces Web - Avaliação Heurística no Jornalismo On-line},
  publisher = {1rd},
  editor = {E-papers Serviços Editoriais},
  author = {Antônio Luis Lordelo Andrade},
  owner = {Antônio},
  timestamp = {\today},
  year = 2007
}

@BOOK{usabilidade_web,
  title = {Usabilidade na Web - Projetando Websites com Qualidade},
  publisher = {Traduzido},
  editor = {Editora Campus},
  author = {Jakob Nielsen},
  owner = {Nielsen},
  timestamp = {\today},
  year = 2007
}

%-----------SITES AQUI EMBAIXO: ------------------------

@www{ti_exemplos,
      title  = "MSP430G2x53, MSP430G2x33, MSP430G2x13, MSP430G2x03 Code Examples (Rev. A)",
      author = "Texas Instruments",
      urlaccessdate = "\today",
      url    = "\url{http://www.ti.com/litv/zip/slac485a}"
}

@www{ruby,
      title  = "An implementation of the Growing Tree algorithm for maze generation.",
      author = "Jamis Buck",
      timestamp = {2010},
      urlaccessdate = "\today",
      url= "\url{https://gist.github.com/760749}"
    }

@www{avaliacao_usa,
      title  = "Avaliação da Usabilidade e Diversão em Interfaces Web para Crianças - caso de estudo escolinhas.pt",
      author = "João Filipe Pereira Valente",
      timestamp = {2011},
      urlaccessdate = "\today",
      url= "\url{http://repositorio-aberto.up.pt/handle/10216/58099}"
    }

@www{avaliacao_heuristica,
  title  = "Avaliação heurística de usabilidade em jornais online: estudo de caso em dois sites",
  author = "Juan Miguel Rosa ",
  timestamp = {2013},
  urlaccessdate = "\today",
  url= "\url{http://www.scielo.br/pdf/pci/v18n1/10.pdf}"
}

@www{avaliacao_ases,
  title  = "Avaliador e Simulador de Acessibilidade do Governo Federal",
  author = "Governo Federal ",
  timestamp = {2013},
  urlaccessdate = "\today",
  url= "\url{http://www.governoeletronico.gov.br/acoes-e-projetos/e-MAG/ases-avaliador-e-simulador-de-acessibilidade-sitios}"
}

@www{e_mag,
  title  = "Modelo de Acessibilidade em Governo Eletrônico",
  author = "Governo Federal ",
  timestamp = {2005},
  urlaccessdate = "\today",
  url= "\url{http://www.governoeletronico.gov.br/acoes-e-projetos/e-MAG}"
}